% Within this .bib-file use 'and' to specify more than one author.

% You have to use only the english abbreviations WITHOUT curly brackets
% for months! e.g.: 'jan', 'feb', 'mar', 'apr', 'may', 'jun', 'jul',
% 'aug', 'sep', 'oct', 'nov', 'dec'.


%%%%%%%% book
%%
%% A Book with an explicit publisher.
%%
%% Required fields:
%% author or editor, title, publisher, year
%%
%% Optional fields:
%% volume or number, series, address, edition, month, isbn, note

@book{Coulouris:02,
  author    = {George Coulouris and Jean Dollimore and Tim Kindberg},
  title     = {{Verteilte Systeme: Konzepte und Design}},
  edition   = {3.},
  publisher = {Addison Wesley},
  address   = {München},
  year      = 2002,
  isbn      = {3-8273-7022-1}
}

@book{Cormen:90,
  author    = {Thomas H. Cormen and Charles E. Leiserson and Ronald L. Rivest},
  title     = {{Introduction to Algorithms}},
  publisher = {The MIT Press},
  address   = {Cambridge, Massachusetts},
  year      = 1990,
  isbn      = {0-262-03141-8}
}


%%%%%%%% inbook
%%
%% A part of a book which may be a chapter (or section or whatever) and/or
%% a range of pages.
%%
%% Required fields:
%% author or editor, title, chapter and/or pages, publisher, year
%%
%% Optional fields:
%% volume or number, series, type, address, edition, month, note


%%%%%%%% booklet
%%
%% A work that is printed and bound, but without a named publisher or
%% sponsoring institution.
%%
%% Required fields:
%% title
%%
%% Optional fields:
%% author, howpublished, address, month, year, note


%%%%%%%% proceedings
%%
%% The proceedings of a conference. See also: inproceedings.
%%
%% Required fields:
%% title, year
%%
%% Optional fields:
%% editor, volume or number, series, address, month, organization, publisher, note


%%%%%%%% inproceedings
%%
%% An article in a conference preceedings.
%%
%% Required fields:
%% author, title, booktitle, year
%%
%% Optional fields:
%% editor, volume or number, series, pages, address, month, organization,
%% publisher, note


%%%%%%%% article
%%
%% An article from a journal or magazine.
%%
%% Required fields:
%% author, title, journal, year
%%
%% Optional fields:
%% volume, number, pages, month, note

@article{Cheriton:85,
  author  = {David R. Cheriton},
  title   = {{Preliminary Thoughts on Problem-oriented Shared Memory: A Decentralized Approach to Distributed Systems}},
  journal = {ACM SIGOPS Operating Systems Review},
  year    = 1985,
  volume  = 19,
  number  = 4,
  pages   = {26-33}
}

@article{swain2010test,
	title={Test case generation based on use case and sequence diagram},
	author={Swain, Santosh Kumar and Mohapatra, Durga Prasad and Mall, Rajib},
	journal={International Journal of Software Engineering},
	volume={3},
	number={2},
	pages={21--52},
	year={2010}
}

@article{schmiedehausen2018single,
	title={Single page application architecture with angular},
	author={Schmiedehausen, Kim},
	year={2018},
	publisher={Vaasan ammattikorkeakoulu}
}

%%%%%%%% phdthesis
%%
%% A PhD, Master, Bachelor oder Diploma thesis.
%%
%% Required fields:
%% author, title, school, year
%%
%% Optional fields:
%% type, address, month, note

@phdthesis{Gottwald:03,
  author = {Tim Gottwald and Rainer Oechsle},
  title  = {{DisASTer (Distributed Algorithms Simulation Terrain): A Platform for the Implementation of Distributed Algorithms}},
  school = {{Fachhochschule Trier, Fachbereich Informatik}},
  year   = 2003,
  type   = {Diplomarbeit}
}

@phdthesis{Nannen:03,
  author = {Volker Nannen},
  title  = {{The Paradox of Overfitting}},
  school = {Rijksuniversiteit Groningen},
  year   = {2003},
  type   = {Master-Abschlussarbeit}
}


%%%%%%%% techreport
%%
%% A report published by a school or other institution, usally
%% numbered within a series.
%%
%% Required fields:
%% author, title, institution, year
%%
%% Optional fields:
%% type, number, address, month, note

@techreport{Mosberger:93,
  author      = {David Mosberger},
  title       = {{Memory Consistency Models}},
  year        = 1993,
  month       = Nov,
  type        = {Technical Report},
  number      = {93/11},
  institution = {University of Arizona, Department of Computer Science}
}

@techreport{Malte:97,
  author      = {Peter Malte},
  title       = {{Replikation in Mobile Computing}},
  institution = {Universität Karlsruhe, Institut für Telematik},
  year        = 1997,
  type        = {Seminar},
  number      = {31/1997}
}


%%%%%%%% manual
%%
%% Technical documentation.
%%
%% Required fields:
%% title
%%
%% Optional fields:
%% author, editor, organization, address, edition, month, year, note


%%%%%%%% misc
%%
%% Use this type when nothing else fits, e.g. for web pages.
%%
%% Required fields:
%% none
%%
%% Optional fields:
%% author, key, title, howpublished, month, year, note

@misc{wiki:listing,
	title        = {{Wikipedia: Interoperability}},
	howpublished = {\url{https://en.wikipedia.org/wiki/Interoperability}},
	note         = {Abgerufen am 27.07.2024}
}

@misc{Angular:2024,
	title        = {{Angular - Landing Page}},
	howpublished = {\url{https://angular.io}},
	note         = {Abgerufen am 02.06.2024},
	year 		 = 2024
}

@misc{Angular2:2024,
	title        = {{Angular components overview}},
	howpublished = {\url{https://v17.angular.io/guide/component-overview}},
	note         = {Abgerufen am 18.08.2024},
	year 		 = 2024
}

@misc{Angular3:2024,
	title        = {{Angular Single Page Applications (SPA): What are the Benefits?}},
	howpublished = {\url{https://blog.angular-university.io/why-a-single-page-application-what-are-the-benefits-what-is-a-spa/}},
	note         = {Abgerufen am 18.08.2024},
	year 		 = 2024
}

@article{Kornienko_2021,
	doi = {10.1088/1742-6596/2091/1/012065},
	url = {https://dx.doi.org/10.1088/1742-6596/2091/1/012065},
	year = {2021},
	publisher = {IOP Publishing},
	volume = {2091},
	number = {1},
	author = {D V Kornienko and S V Mishina and M O Melnikov},
	title = {The Single Page Application architecture when developing secure Web services},
	journal = {Journal of Physics: Conference Series},
}






@misc{Typescript:2024,
	author		 = {Meredith Shubel},
	title        = {{Typescript}},
	howpublished = {\url{https://thenewstack.io/what-is-typescript/}},
	note         = {Abgerufen am 18.08.2024},
	year 		 = 2022
}

@misc{Docs-Spring:o.J,
	title        = {{Spring Data JPA}},
	author		 = {Spring},
	howpublished = {\url{https://www.ibm.com/topics/relational-databases/}},
	note         = {Abgerufen am 14.08.2024},
	year 		 = o. J
}


@misc{Baeldung:o.J,
	title        = {{JPA Entities}},
	author		 = {Baeldung},
	howpublished = {\url{https://www.baeldung.com/jpa-entities/}},
	note         = {Abgerufen am 14.08.2024},
	year 		 = o. J
}

@misc{Docs-Spring-JPA-Repo:o.J,
	title        = {{JPA Repositories}},
	author		 = {Spring},
	howpublished = {\url{https://docs.spring.io/spring-data/jpa/docs/1.6.0.RELEASE/reference/html/jpa.repositories.html/}},
	note         = {Abgerufen am 14.08.2024},
	year 		 = o. J
}

@misc{Docs-Spring-JPA-QueryMethods:o.J,
	title        = {{JPA Query Methods}},
	author		 = {Spring},
	howpublished = {\url{/https://docs.spring.io/spring-data/jpa/reference/jpa/query-methods.html/}},
	note         = {Abgerufen am 14.08.2024},
	year 		 = o. J
}

@misc{Baeldung-EntityManager:2024,
	title        = {{EntityManager}},
	author		 = {Baeldung},
	howpublished = {\url{https://www.baeldung.com/hibernate-entitymanager/}},
	note         = {Abgerufen am 14.08.2024},
	year 		 = 2024
}

@misc{Hibernate:o.J,
	title        = {{Hibernate}},
	author		 = {Hibernate},
	howpublished = {\url{https://hibernate.org/orm/what-is-an-orm/}},
	note         = {Abgerufen am 14.08.2024},
	year 		 = o. J
}




@misc{Jetbrains:o.J,
	title        = {{The IDE for Spring developers}},
	author		 = {Jetbrains},
	howpublished = {\url{https://www.jetbrains.com/idea/spring/}},
	note         = {Abgerufen am 14.08.2024},
	year 		 = o. J
}

@misc{visual-studio:o.J,
  title        = {Visual Studio Code Overview},
  author       = {Visual Studio Team},
  howpublished = {\url{https://code.visualstudio.com/docs}},
  note         = {Abgerufen am 14. August 2024},
  year         = o. J
}

@misc{visualstudio-angular:o.J,
  title        = {Using Angular in Visual Studio Code},
  author       = {Visual Studio Team},
  howpublished = {\url{https://code.visualstudio.com/docs/nodejs/angular-tutorial}},
  note         = {Abgerufen am 14. August 2024},
  year         = o. J
}


@misc{Spring-Security:o.J,
  title        = {Spring Security},
  author       = {Spring},
  howpublished = {\url{https://spring.io/projects/spring-security}},
  note         = {Abgerufen am 14. August 2024},
  year         = o. J
}

@misc{Stripe-Intents:o.J,
  title        = {Stripe Payment Intents},
  author       = {StripeApi-Team},
  howpublished = {\url{https://docs.stripe.com/api/payment_intents}},
  note         = {Accessed on August 19, 2024},
  year         = {o. J.}
}

@misc{Sequenzdiagramm:2021,
	title        = {Sequenzdiagramme},
	author       = {IBM Corporation},
	howpublished = {\url{https://www.ibm.com/docs/de/radfws/9.6.1?topic=diagrams-sequence}},
	note         = {abgerufen am 28.08.2024},
	year         = 2021
}


%%
%%
%% New References
%%



@misc{HTMLCSS2025a,
  author       = {{HTML.com}},
  title        = {HTML5 Basics For Everyone Tired Of Reading About Deprecated Code},
  howpublished = {\url{https://html.com/html5/}},
  note         = {Download am 02.06.2025},
  year         = 2025
}

@misc{HTMLCSS2025b,
  author       = {{HTML.com}},
  title        = {Intimidated By CSS? The Definitive Guide To Make Your Fear Disappear},
  howpublished = {\url{https://html.com/css/}},
  note         = {Download am 02.06.2025},
  year         = 2025
}

@misc{BOOTSTRAP2025,
  author       = {{Bootstrap Authors}},		
  title        = {Get started with Bootstrap},
  howpublished = {\url{https://getbootstrap.com/docs/5.3/getting-started/introduction/}},  
  note         = {Download am 22. Juli 2025},	  
  year         = 2025
}

@misc{MICROSOFT2025,
  author       = {Microsoft Corporation},
  title        = {TypeScript for JavaScript Programmers},
  howpublished = {\url{https://www.typescriptlang.org/docs/handbook/typescript-in-5-minutes.html}},
  note         = {Download am 21. Juli 2025},
  year         = 2025
}

@misc{TYPESCRIPT2025,
  author       = {Paul Bratslavsky},
  title        = {Top 6 Benefits of Implementing TypeScript},
  howpublished = {\url{https://strapi.io/blog/benefits-of-typescript}},
  note         = {Veröffentlicht am 22. Februar 2025, Download am 22. Juli 2025},
  year         = 2025
}


@misc{REACT2025a,
  author       = {Meta Platforms, Inc.},
  title        = {Describing the UI},
  howpublished = {\url{https://react.dev/learn/describing-the-ui}},
  note         = {Download am 22. Juli 2025},
  year         = 2025
}

@misc{REACT2025b,
  author       = {Meta Platforms, Inc.},
  title        = {Build a React app from Scratch},
  howpublished = {\url{https://react.dev/learn/build-a-react-app-from-scratch#step-2-build-common-application-patterns}},
  note         = {Download am 22. Juli 2025},
  year         = 2025
}

@misc{REACT2025c,
  author       = {Meta Platforms, Inc.},
  title        = {React — A JavaScript library for building user interfaces},
  howpublished = {\url{https://legacy.reactjs.org/}},
  note         = {Download am 22. Juli 2025},
  year         = 2025
}

@misc{SPRINGBOOTREACT2025,
  author       = {Rakesh Purohit},
  title        = {A Step-by-Step Guide to Implementing React Spring Boot in Your Application},
  howpublished = {\url{https://www.dhiwise.com/post/a-step-by-step-guide-to-implementing-react-spring-boot}},
  note         = {Veröffentlicht am 17. Juni 2025, Download am 23. Juli 2025},
  year         = 2025
}

@misc{i18NEXT2025,
  author       = {{i18next Organisation}},
  title        = {i18next documentation},
  howpublished = {\url{https://www.i18next.com/}},
  note         = {Download am 2. August 2025},
  year         = 2025
}

@misc{ORACLE2025a,
  author       = {{Oracle Corporation}},
  title        = {What is Java technology and why do I need it?},
  howpublished = {\url{https://www.java.com/en/download/help/whatis_java.html}},
  note         = {Download am 19. Mai 2025},
  year         = 2025
}


@misc{SPRINGBOOT2025a,
  author       = {{Spring-Team}},
  title        = {Spring Boot},
  howpublished = {\url{https://spring.io/projects/spring-boot}},
  note         = {Download am 15. Mai 2025},
  year         = 2025
}

@misc{SPRINGBOOT2025b,
  author       = {{Spring-Team}},
  title        = {Spring Boot},
  howpublished = {\url{https://spring.io/projects/spring-boot}},
  note         = {Download am 15. Mai 2025},
  year         = 2025
}

@misc{GUPTA2025,
  author       = {Lokesh Gupta},
  title        = {What is REST?},
  howpublished = {\url{https://restfulapi.net/}},
  note         = {Veröffentlicht am 1. April 2025, Download am 19. Mai 2025},
  year         = 2025
}

@inproceedings{SPRNGSECURITY2025,	
  author       = {Islam, Mazharul and Rahaman, Sazzadur and Meng, Na and Hassanshahi, Behnaz and Krishnan, Padmanabhan and Yao, Danfeng Daphne},
  year         = {2020},
  month        = {09},
  pages        = {49-57},
  title        = {Coding Practices and Recommendations of Spring Security for Enterprise Applications},
  doi          = {10.1109/SecDev45635.2020.00024}
}

@misc{HTTPS2025,
  author = {Cloudflare},
  title = {What is HTTPS?},
  howpublished = {\url{https://www.cloudflare.com/learning/ssl/what-is-https/}},
  note = {Download am 02. Juli 2025},
  year = 2025
}

@misc{STRIPEAPI2025,
  author       = {Stripe-Team},	
  title        = {Stripe API Documentation},
  howpublished = {\url{https://docs.stripe.com/api}},
  note         = {Download am 03. Juli 2025},
  year         = 2025
}

@misc{ORACLE2025b, 
  author       = {Oracle Corporation},
  title        = {What is MySQL?},
  howpublished = {\url{https://dev.mysql.com/doc/refman/8.0/en/what-is-mysql.html}},
  note         = {Download am 04. Juli 2025},
  year 	       = 2025
}

@misc{ORACLE2025c, 
  author       = {Oracle Corporation},
  title        = {Why MySQL?},
  howpublished = {\url{https://www.mysql.com/why-mysql/}},
  note         = {Download am 04. Juli 2025},
  year 	       = 2025
}

@misc{IBM2025, 
  author       = {IBM},
  title        = {What is a relational database?},
  howpublished = {\url{https://www.ibm.com/think/topics/relational-databases}},
  note         = {Veröffentlicht am 20. Oktober 2021, Download am 04. Juli 2025},
  year 	       = 2025
}

@misc{ORACLE2025d,
   author	= {Oracle Corporation},	
   title        = {{MySQL Workbench Manual - General Information}},
   howpublished = {\url{https://dev.mysql.com/doc/workbench/en/wb-intro.html}},
   note         = {Download am 04. Juli 2025},	
   year 	= 2025
}

@misc{OKTA2025,
  author       = {Okta-Team},	
  title        = {What is Okta and what does Okta do?},
  howpublished = {\url{https://support.okta.com/help/s/article/what-is-okta?language=en_US}},
  note         = {Download am 19. Mai 2025},
  year         = 2025
}

@misc{JWT2025,
  author       = {JWT-Team},	
  title        = {Introduction to JSON Web Tokens},
  howpublished = {\url{https://jwt.io/introduction}},
  note         = {Download am 19. Juli 2025},
  year         = 2025
}

@inproceedings{OAUTH22025,
  author       = {Rahman, Shawon and Hossain, Nazmul and Hossain, Md. Alam and Hossain, Md. Zobayer},
  year         = {2020},
  month        = {01},
  pages        = {92-139},
  title        = {OAuth 2.0: A Framework to Secure the OAuth-Based Service for Packaged Web Application},
  isbn         = {9781799833574},  
  doi          = {10.4018/978-1-7998-3355-0.ch005}
}


@misc{OPENID2025,
  author       = {OpenId-Team},	
  title        = {How OpenId Connect Works},
  howpublished = {\url{https://openid.net/developers/how-connect-works/}},
  note         = {Download am 19. Juli 2025},
  year         = 2025
}


@misc{GIT2025,
  author       = {Git-Team},
  title        = {Git About - Branching and Merging},
  howpublished = {\url{https://git-scm.com/about/branching-and-merging}},
  note         = {Download am 01. August 2025},
  year         = 2025
}

@misc{GITHUB2025b,
  author       = {GitHub-Team},
  title        = {About GitHub},
  howpublished = {\url{https://docs.github.com/en/get-started/start-your-journey/about-github-and-git#about-github}},
  note         = {Download am 01. August 2025},
  year         = 2025
}

@misc{JUNIT52025,
  author       = {JUNIT-Team},
  title        = {Junit 5 User Guide},
  howpublished = {\url{https://docs.junit.org/current/user-guide/}},
  note         = {Download am 02. August 2025},
  year         = 2025
}

@misc{MOCKITO2025,
  author       = {MOCKITO-Team},
  title        = {Tasty mocking Framework for unit tests in Java},
  howpublished = {\url{https://site.mockito.org//}},
  note         = {Download am 02. August 2025},
  year         = 2025
}

@misc{POSTMAN2025,
  author       = {POSTMAN-Team},
  title        = {What is Postman?},
  howpublished = {\url{https://www.postman.com/product/what-is-postman/}},
  note         = {Download am 02. August 2025},
  year         = 2025
}

@misc{UML2025,
  author       = {Donald Bell},	
  title        = {{An introduction to the Unified Modeling Language}},
  howpublished = {\url{https://developer.ibm.com/articles/an-introduction-to-uml/}},
  note         = {Veröffentlicht am 25. Juni 2023, Download am 20.07.2025},
  year 		 = 2025
}

@misc{CRA2025,
  author       = {Facebook},	
  title        = {{Create React App - Getting Started}},
  howpublished = {\url{https://create-react-app.dev/docs/getting-started/}},
  note         = {Download am 03.08.2025},
  year 		 = 2025
}

@misc{SPRINGREST2025,
  author       = {Spring-Team},	
  title        = {{Spring Data Rest}},
  howpublished = {\url{https://spring.io/projects/spring-data-rest}},
  note         = {Download am 06.08.2025},
  year 	       = 2025
}

@misc{SPRINGJPA2025,
  author       = {Spring-Team},	
  title        = {{Spring Data JPA}},
  howpublished = {\url{https://spring.io/projects/spring-data-jpa}},
  note         = {Download am 06.08.2025},
  year 	       = 2025
}

@misc{HIBERNATE2025,
  author       = {Hibernate-Team},	
  title        = {{Idiomatic persistence for Java and relational databases}},
  howpublished = {\url{https://hibernate.org/orm/}},
  note         = {Download am 06.08.2025},
  year 	       = 2025
}

@online{thaliaUnternehmen2025a,
  author       = {Thalia Bücher GmbH},	
  title        = {{Das is Thalia}},
  howpublished = {\url{https://unternehmen.thalia.de/unternehmen/}},  
  note         = {Download am 14. August 2025},	  
  year         = 2025
}

@online{thaliaUnternehmen2025b,
  author       = {Thalia Bücher GmbH},	
  title        = {{Lesen \& hören so flexibel wie nie}},
  howpublished = {\url{https://www.thalia.de/vorteile/thalia-lesen-und-hoeren-app}},  
  note         = {Download am 14. August 2025},	  
  year         = 2025
}

@online{thaliaUnternehmen2025c,
  author       = {Thalia Bücher GmbH},	
  title        = {{Fremdsprachige Bücher}},
  howpublished = {\url{https://www.thalia.de/kategorie/fremdsprachige-buecher-880/}},  
  note         = {Download am 14. August 2025},	  
  year         = 2025
}

@online{stadtbuechereiTrier2025,
  author       = {Stadtbücherei Trier},	
  title        = {{Informationen für Sie}},
  howpublished = {\url{https://www.stadtbuecherei-trier.de/informationen-fuer-sie/}},  
  note         = {Download am 14. August 2025},	  
  year         = 2025
}


@online{STRIPEAPIFLOW2025,
  author       = {Medium-Team},	
  title        = {{Stripe Integration Using Flutter Web and NestJS}},
  howpublished = {\url{https://medium.com/%40akshelar.18119/stripe-integration-using-flutter-web-and-nestjs-4e94ccd33b9f}},  
  note         = {Download am 15. August 2025},	  
  year         = 2025
}


@online{OKTALOGIN2025,
  author       = {OKTA-Team},	
  title        = {{Oauth 2.0 and OpenID Connect overview}},
  howpublished = {\url{https://developer.okta.com/docs/concepts/oauth-openid/}},  
  note         = {Download am 15. August 2025},	  
  year         = 2025
}

@online{SPRINGBOOAPP2025,
  author       = {SPRING-Team},	
  title        = {{Using the @SpringBootApplication Annotation}},
  howpublished = {\url{https://docs.spring.io/spring-boot/docs/2.0.x/reference/html/using-boot-using-springbootapplication-annotation.html}},  
  note         = {Download am 16. August 2025},	  
  year         = 2025
}












